<record xmlns="http://www.loc.gov/MARC21/slim">
  <leader>01216ntm a2200301Ii 4500</leader>
  <controlfield tag="001">7620766</controlfield>
  <controlfield tag="003">OCoLC</controlfield>
  <controlfield tag="005">20161003101052.0</controlfield>
  <controlfield tag="008">161003s1935    abc      b    000 0 eng d</controlfield>
  <datafield tag="035" ind1=" " ind2=" ">
    <subfield code="a">ocn965547997</subfield>
  </datafield>
  <datafield tag="040" ind1=" " ind2=" ">
    <subfield code="a">AEU</subfield>
    <subfield code="b">eng</subfield>
    <subfield code="e">rda</subfield>
    <subfield code="c">LTSCA</subfield>
    <subfield code="d">AEU</subfield>
  </datafield>
  <datafield tag="050" ind1=" " ind2="4">
    <subfield code="a">BT265</subfield>
    <subfield code="b">.M33 1935</subfield>
  </datafield>
  <datafield tag="090" ind1=" " ind2=" ">
    <subfield code="a">BT 265 M33 1935</subfield>
    <subfield code="b">AEU</subfield>
  </datafield>
  <datafield tag="100" ind1="1" ind2=" ">
    <subfield code="a">McDormand, Thomas Bruce,</subfield>
    <subfield code="d">1904-</subfield>
    <subfield code="e">author.</subfield>
  </datafield>
  <datafield tag="245" ind1="1" ind2="4">
    <subfield code="a">The development of the idea of sacrifice /</subfield>
    <subfield code="c">by Thomas Bruce McDormand.</subfield>
  </datafield>
  <datafield tag="264" ind1=" " ind2="1">
    <subfield code="a">Edmonton, Alberta :</subfield>
    <subfield code="b">University of Alberta,</subfield>
    <subfield code="c">[1935]</subfield>
  </datafield>
  <datafield tag="300" ind1=" " ind2=" ">
    <subfield code="a">70 leaves ;</subfield>
    <subfield code="c">25 cm</subfield>
  </datafield>
  <datafield tag="336" ind1=" " ind2=" ">
    <subfield code="a">text</subfield>
    <subfield code="b">txt</subfield>
    <subfield code="2">rdacontent</subfield>
  </datafield>
  <datafield tag="337" ind1=" " ind2=" ">
    <subfield code="a">unmediated</subfield>
    <subfield code="b">n</subfield>
    <subfield code="2">rdamedia</subfield>
  </datafield>
  <datafield tag="338" ind1=" " ind2=" ">
    <subfield code="a">volume</subfield>
    <subfield code="b">nc</subfield>
    <subfield code="2">rdacarrier</subfield>
  </datafield>
  <datafield tag="500" ind1=" " ind2=" ">
    <subfield code="a">A thesis submitted to the B. D. Committee in candidacy for the degree of Bachelor of Divinity, University of Alberta Faculty of Arts and Sciences (Theology).</subfield>
  </datafield>
  <datafield tag="502" ind1=" " ind2=" ">
    <subfield code="b">B. Div.</subfield>
    <subfield code="c">University of Alberta</subfield>
    <subfield code="d">1935.</subfield>
  </datafield>
  <datafield tag="504" ind1=" " ind2=" ">
    <subfield code="a">Includes bibliographical references.</subfield>
  </datafield>
  <datafield tag="596" ind1=" " ind2=" ">
    <subfield code="a">38</subfield>
  </datafield>
  <datafield tag="650" ind1=" " ind2="0">
    <subfield code="a">Sacrifice</subfield>
    <subfield code="x">Christianity.</subfield>
  </datafield>
  <datafield tag="710" ind1="2" ind2=" ">
    <subfield code="a">University of Alberta.</subfield>
    <subfield code="b">Faculty of Arts and Sciences,</subfield>
    <subfield code="e">issuing body.</subfield>
  </datafield>
  <datafield tag="949" ind1=" " ind2=" ">
    <subfield code="a">BT 265 M33 1935</subfield>
    <subfield code="h">UABA-NL-B</subfield>
    <subfield code="i">0162037146113</subfield>
    <subfield code="o">B29743</subfield>
    <subfield code="z">OCLC_ORIG</subfield>
  </datafield>
  <datafield tag="926" ind1=" " ind2=" ">
    <subfield code="a">UABARD</subfield>
    <subfield code="b">ON_SHELF</subfield>
    <subfield code="c">BT 265 M33 1935</subfield>
    <subfield code="d">NO_LOAN</subfield>
    <subfield code="f">1</subfield>
  </datafield>
</record>
